<?xml version="1.0" encoding="UTF-8"?>
<record xmlns="http://www.loc.gov/MARC21/slim">
   <leader>01142cam a2200289Li 4500</leader>
   <controlfield tag="001">7010983</controlfield>
   <controlfield tag="003">NjP</controlfield>
   <controlfield tag="005">20170518135730.0</controlfield>
   <controlfield tag="008">060517s1921    ua a   f      000 0 araod</controlfield>
   <datafield tag="024" ind1="7" ind2=" ">
      <subfield code="a">princeton_aco004290</subfield>
      <subfield code="2">local</subfield>
   </datafield>
   <datafield ind1=" " ind2=" " tag="035">
      <subfield code="a">(OCoLC)ocn493853600</subfield>
   </datafield>
   <datafield ind1=" " ind2=" " tag="040">
      <subfield code="a">ZWZ</subfield>
      <subfield code="e">ncafnor</subfield>
      <subfield code="b">fre</subfield>
      <subfield code="c">ZWZ</subfield>
   </datafield>
   <datafield ind1=" " ind2=" " tag="066">
      <subfield code="c">(3</subfield>
   </datafield>
   <datafield ind1=" " ind2=" " tag="035">
      <subfield code="a">(OCoLC)493853600</subfield>
   </datafield>
   <datafield ind1=" " ind2=" " tag="049">
      <subfield code="a">PULL</subfield>
   </datafield>
   <datafield ind1=" " ind2=" " tag="090">
      <subfield code="a">PJ6035</subfield>
      <subfield code="b">.Z292 1921</subfield>
   </datafield>
   <datafield ind1="1" ind2=" " tag="100">
      <subfield code="6">880-01</subfield>
      <subfield code="a">Zaydān, Ibrāhīm.</subfield>
   </datafield>
   <datafield ind1="1" ind2="3" tag="245">
      <subfield code="6">880-02</subfield>
      <subfield code="a">al-Ṭarīqah al-mubtakarat li-taʻlīm al-qirāʾat al-ʻArabīyah /</subfield>
      <subfield code="c">taʾlīf Ibrāhīm Zaydān.</subfield>
   </datafield>
   <datafield ind1=" " ind2=" " tag="250">
      <subfield code="6">880-03</subfield>
      <subfield code="a">al-Ṭabʻah 8</subfield>
   </datafield>
   <datafield ind1=" " ind2=" " tag="260">
      <subfield code="6">880-04</subfield>
      <subfield code="a">Miṣr :</subfield>
      <subfield code="b">Maṭbaʻat al-Hilāl,</subfield>
      <subfield code="c">1921.</subfield>
   </datafield>
   <datafield ind1=" " ind2=" " tag="300">
      <subfield code="a">v. :</subfield>
      <subfield code="b">ill.. ;</subfield>
      <subfield code="c">18 cm.</subfield>
   </datafield>
   <datafield ind1=" " ind2="0" tag="650">
      <subfield code="a">Arabic language</subfield>
      <subfield code="x">Study and teaching</subfield>
      <subfield code="x">Methodology. PJ6035</subfield>
      <subfield code="b">.S24 2005</subfield>
   </datafield>
   <datafield ind1="1" ind2=" " tag="880">
      <subfield code="6">100-01/(3/r</subfield>
      <subfield code="a">زيدان، ابراهيم.</subfield>
   </datafield>
   <datafield ind1="1" ind2="2" tag="880">
      <subfield code="6">245-02/(3/r</subfield>
      <subfield code="a">الطريقة المبتكرة لتعليم القراءة العربية /</subfield>
      <subfield code="c">تأليف ابراهيم زيدان.</subfield>
   </datafield>
   <datafield ind1=" " ind2=" " tag="880">
      <subfield code="6">250-03/(3/r</subfield>
      <subfield code="a">الطبعة 8</subfield>
   </datafield>
   <datafield ind1=" " ind2=" " tag="880">
      <subfield code="6">260-04/(3/r</subfield>
      <subfield code="a">مصر :</subfield>
      <subfield code="b">مطبعة الهلال،</subfield>
      <subfield code="c">1921.</subfield>
   </datafield>
   <datafield ind1=" " ind2=" " tag="994">
      <subfield code="a">C0</subfield>
      <subfield code="b">PUL</subfield>
   </datafield>
   <datafield ind1=" " ind2=" " tag="904">
      <subfield code="a">jab</subfield>
      <subfield code="b">g</subfield>
      <subfield code="h">n</subfield>
      <subfield code="c">b</subfield>
      <subfield code="e">20120308</subfield>
   </datafield>
   <datafield ind1=" " ind2=" " tag="902">
      <subfield code="a">jab</subfield>
      <subfield code="b">m</subfield>
      <subfield code="6">a</subfield>
      <subfield code="7">m</subfield>
      <subfield code="d">v</subfield>
      <subfield code="f">1</subfield>
      <subfield code="e">20120308</subfield>
   </datafield>
   <datafield ind1="0" ind2=" " tag="852">
      <subfield code="0">6898344</subfield>
      <subfield code="b">rcppa</subfield>
      <subfield code="h">PJ6035</subfield>
      <subfield code="i">.Z292 1921</subfield>
   </datafield>
   <datafield ind1=" " ind2=" " tag="959">
      <subfield code="a">2012-03-08 14:06:52 -0500</subfield>
   </datafield>
</record>
